@book{sicp,
  title="Structure and interpretation of computer programs",
  author="Abelson, H. and Sussman, G.J. and Sussman, J.",
  isbn="9780262011532",
  lccn="96017756",
  series="Electrical engineering and computer science series",
  url="https://books.google.fi/books?id=1DrQngEACAAJ",
  year="1996",
  publisher="MIT Press"
}
@phdthesis{byrdphd,
  title="Relational Programming in miniKanren: techniques, applications, and implementations",
  author="Byrd, W.E.",
  school="Indiana University",
  year="2009",
}
@online{robbins,
  title="Robbins algebras are Boolean",
  author="McCune, W",
  url="http://calculemus.org/MathUniversalis/4/6robbins.html",
  urldate="2019/1/15",
}
@online{mkdotorg,
  title="miniKanren.org",
  url="http://minikanren.org/",
  urldate="2019/1/15",
}
@article{lisp,
    author="McCarthy, J",
    title="Recursive functions of symbolic expressions and their computation by machine, part I",
    journal="CACM",
    year="1960"
}

%Some examples, marked!
%===================================================================
@online{cd98,
	organization="Council Directive 98/83/EC 3",
	year="1998", month="November",
	title="The quality of water intended for human consumption.",
	url="http://eur-lex.europa.eu/legal-content/EN/TXT/PDF/?uri=CELEX:31998L0083&from=EN",
	urldate="2017-02-05"
}
@book{fi05,
	author="Fishman, R",
	year="2005",
	title="The rise and fall of suburbia",
	publisher="Chester: Castle Press",
	url="http://libweb.anglia.ac.uk",
	urldate="2010-05-12"
}
@article{je09,
	author="Jensen, K. L. and Toftum, J. and Friis-Hansen",
	year="2009",
	title="A Bayesian network approach to the evaluation of building design and its consequences for employee performance and operational costs",
	issuetitle="Building and Environment 44",
	pages="456--462"
}
@book{wa16,
	author="Waters, D",
	year="2016",
	title="Global logistic",
	booktitle="New directions in supply chain management. 5th edition",
	publisher="London: Kogan Pane"
}










	
